@article{DBLP:journals/corr/MaoLXLW16,
  author    = {Xudong Mao and
               Qing Li and
               Haoran Xie and
               Raymond Y. K. Lau and
               Zhen Wang},
  title     = {Multi-class Generative Adversarial Networks with the {L2} Loss Function},
  journal   = {CoRR},
  volume    = {abs/1611.04076},
  year      = {2016},
  url       = {http://arxiv.org/abs/1611.04076},
  timestamp = {Wed, 07 Jun 2017 14:42:04 +0200},
  biburl    = {http://dblp.uni-trier.de/rec/bib/journals/corr/MaoLXLW16},
  bibsource = {dblp computer science bibliography, http://dblp.org}
}
@article{DBLP:journals/corr/PascualBS17,
  author    = {Santiago Pascual and
               Antonio Bonafonte and
               Joan Serr{\`{a}}},
  title     = {{SEGAN:} Speech Enhancement Generative Adversarial Network},
  journal   = {CoRR},
  volume    = {abs/1703.09452},
  year      = {2017},
  url       = {http://arxiv.org/abs/1703.09452},
  timestamp = {Wed, 07 Jun 2017 14:42:12 +0200},
  biburl    = {http://dblp.uni-trier.de/rec/bib/journals/corr/PascualBS17},
  bibsource = {dblp computer science bibliography, http://dblp.org}
}
@article{chen2017photographic,
  title={Photographic Image Synthesis with Cascaded Refinement Networks},
  author={Chen, Qifeng and Koltun, Vladlen},
  journal={arXiv preprint arXiv:1707.09405},
  url       = {http://arxiv.org/abs/1707.09405},
  year={2017}
}
@article{DBLP:journals/corr/ChidambaramQ17,
  author    = {Muthuraman Chidambaram and
               Yanjun Qi},
  title     = {Style Transfer Generative Adversarial Networks: Learning to Play Chess
               Differently},
  journal   = {CoRR},
  volume    = {abs/1702.06762},
  year      = {2017},
  url       = {http://arxiv.org/abs/1702.06762},
  timestamp = {Wed, 07 Jun 2017 14:43:03 +0200},
  biburl    = {http://dblp.uni-trier.de/rec/bib/journals/corr/ChidambaramQ17},
  bibsource = {dblp computer science bibliography, http://dblp.org}
}
@article{DBLP:journals/corr/ZhaoWCLF17,
  author    = {Bo Zhao and
               Xiao Wu and
               Zhi{-}Qi Cheng and
               Hao Liu and
               Jiashi Feng},
  title     = {Multi-View Image Generation from a Single-View},
  journal   = {CoRR},
  volume    = {abs/1704.04886},
  year      = {2017},
  url       = {http://arxiv.org/abs/1704.04886},
  timestamp = {Wed, 07 Jun 2017 14:43:13 +0200},
  biburl    = {http://dblp.uni-trier.de/rec/bib/journals/corr/ZhaoWCLF17},
  bibsource = {dblp computer science bibliography, http://dblp.org}
}
@article{gran,
	author = {Daniel Jiwoong Im
	and Chris Dongjoo Kim and Hui Jiang and Roland Memisevic},
	title = {Generating images with recurrent adversarial networks},
	journal = {CoRR},
	volume = {abs/1602.05110},
	year = {2016},
	url = {https://arxiv.org/abs/1602.05110},
	timestamp = {Tue, 13 Dec 2016 03:21:03 GMT}
}
@article{semantic_replace,
	author = {Xiaodan Liang 
		and Hao Zhang 
		and Eric P. Xing},
	title = {Generative Semantic Manipulation with Contrasting GAN},
	journal = {CoRR},
	volume = {abs/1708.00315},
	year = {2017},
	url = {https://arxiv.org/abs/1708.00315},
	timestamp = {Tue, 1 Aug 2017 13:46:32 GMT}
}
@article{DBLP:journals/corr/BerthelotSM17,
  author    = {David Berthelot and
               Tom Schumm and
               Luke Metz},
  title     = {{BEGAN:} Boundary Equilibrium Generative Adversarial Networks},
  journal   = {CoRR},
  volume    = {abs/1703.10717},
  year      = {2017},
  url       = {http://arxiv.org/abs/1703.10717},
  timestamp = {Wed, 07 Jun 2017 14:42:35 +0200},
  biburl    = {http://dblp.uni-trier.de/rec/bib/journals/corr/BerthelotSM17},
  bibsource = {dblp computer science bibliography, http://dblp.org}
}
@article{DBLP:journals/corr/ZhaoML16,
  author    = {Junbo Jake Zhao and
               Micha{\"{e}}l Mathieu and
               Yann LeCun},
  title     = {Energy-based Generative Adversarial Network},
  journal   = {CoRR},
  volume    = {abs/1609.03126},
  year      = {2016},
  url       = {http://arxiv.org/abs/1609.03126},
  timestamp = {Wed, 07 Jun 2017 14:42:59 +0200},
  biburl    = {http://dblp.uni-trier.de/rec/bib/journals/corr/ZhaoML16},
  bibsource = {dblp computer science bibliography, http://dblp.org}
}
@article{DBLP:journals/corr/SalimansKCK17,
  author    = {Tim Salimans and
               Andrej Karpathy and
               Xi Chen and
               Diederik P. Kingma},
  title     = {PixelCNN++: Improving the PixelCNN with Discretized Logistic Mixture
               Likelihood and Other Modifications},
  journal   = {CoRR},
  volume    = {abs/1701.05517},
  year      = {2017},
  url       = {http://arxiv.org/abs/1701.05517},
  timestamp = {Wed, 07 Jun 2017 14:40:35 +0200},
  biburl    = {http://dblp.uni-trier.de/rec/bib/journals/corr/SalimansKCK17},
  bibsource = {dblp computer science bibliography, http://dblp.org}
}
@article{DBLP:journals/corr/DaiYYCS17,
  author    = {Zihang Dai and
               Zhilin Yang and
               Fan Yang and
               William W. Cohen and
               Ruslan Salakhutdinov},
  title     = {Good Semi-supervised Learning that Requires a Bad {GAN}},
  journal   = {CoRR},
  volume    = {abs/1705.09783},
  year      = {2017},
  url       = {http://arxiv.org/abs/1705.09783},
  timestamp = {Wed, 07 Jun 2017 14:40:45 +0200},
  biburl    = {http://dblp.uni-trier.de/rec/bib/journals/corr/DaiYYCS17},
  bibsource = {dblp computer science bibliography, http://dblp.org}
}
@article{DBLP:journals/corr/LiXZZ17,
  author    = {Chongxuan Li and
               Kun Xu and
               Jun Zhu and
               Bo Zhang},
  title     = {Triple Generative Adversarial Nets},
  journal   = {CoRR},
  volume    = {abs/1703.02291},
  year      = {2017},
  url       = {http://arxiv.org/abs/1703.02291},
  timestamp = {Wed, 07 Jun 2017 14:42:58 +0200},
  biburl    = {http://dblp.uni-trier.de/rec/bib/journals/corr/LiXZZ17},
  bibsource = {dblp computer science bibliography, http://dblp.org}
}
@article{DBLP:journals/corr/Qi17,
  author    = {Guo{-}Jun Qi},
  title     = {Loss-Sensitive Generative Adversarial Networks on Lipschitz Densities},
  journal   = {CoRR},
  volume    = {abs/1701.06264},
  year      = {2017},
  url       = {http://arxiv.org/abs/1701.06264},
  timestamp = {Wed, 07 Jun 2017 14:43:09 +0200},
  biburl    = {http://dblp.uni-trier.de/rec/bib/journals/corr/Qi17},
  bibsource = {dblp computer science bibliography, http://dblp.org}
}
@article{DBLP:journals/corr/WangFL15,
  author    = {Ziyu Wang and
               Nando de Freitas and
               Marc Lanctot},
  title     = {Dueling Network Architectures for Deep Reinforcement Learning},
  journal   = {CoRR},
  volume    = {abs/1511.06581},
  year      = {2015},
  url       = {http://arxiv.org/abs/1511.06581},
  timestamp = {Tue, 08 Aug 2017 15:06:57 +0200},
  biburl    = {http://dblp.uni-trier.de/rec/bib/journals/corr/WangFL15},
  bibsource = {dblp computer science bibliography, http://dblp.org}
}
@article{DBLP:journals/corr/HasseltGS15,
  author    = {Hado van Hasselt and
               Arthur Guez and
               David Silver},
  title     = {Deep Reinforcement Learning with Double Q-learning},
  journal   = {CoRR},
  volume    = {abs/1509.06461},
  year      = {2015},
  url       = {http://arxiv.org/abs/1509.06461},
  timestamp = {Wed, 07 Jun 2017 14:40:43 +0200},
  biburl    = {http://dblp.uni-trier.de/rec/bib/journals/corr/HasseltGS15},
  bibsource = {dblp computer science bibliography, http://dblp.org}
}
@article{Mnih2015Human,
  title={Human-level control through deep reinforcement learning},
  author={Mnih, Volodymyr and Kavukcuoglu, Koray and Silver, David and Rusu, Andrei A. and Veness, Joel and Bellemare, Marc G. and Graves, Alex and Riedmiller, Martin and Fidjeland, Andreas K. and Ostrovski, Georg},
  journal={Nature},
  volume={518},
  number={7540},
  pages={529},
  url={http://diyhpl.us/~nmz787/pdf/Human-level_control_through_deep_reinforcement_learning.pdf},
  year={2015},
}
@article{DBLP:journals/corr/MnihKSGAWR13,
  author    = {Volodymyr Mnih and
               Koray Kavukcuoglu and
               David Silver and
               Alex Graves and
               Ioannis Antonoglou and
               Daan Wierstra and
               Martin A. Riedmiller},
  title     = {Playing Atari with Deep Reinforcement Learning},
  journal   = {CoRR},
  volume    = {abs/1312.5602},
  year      = {2013},
  url       = {http://arxiv.org/abs/1312.5602},
  timestamp = {Wed, 07 Jun 2017 14:43:06 +0200},
  biburl    = {http://dblp.uni-trier.de/rec/bib/journals/corr/MnihKSGAWR13},
  bibsource = {dblp computer science bibliography, http://dblp.org}
}
@article{DBLP:journals/corr/YuZWY16,
  author    = {Lantao Yu and
               Weinan Zhang and
               Jun Wang and
               Yong Yu},
  title     = {SeqGAN: Sequence Generative Adversarial Nets with Policy Gradient},
  journal   = {CoRR},
  volume    = {abs/1609.05473},
  year      = {2016},
  url       = {http://arxiv.org/abs/1609.05473},
  timestamp = {Wed, 07 Jun 2017 14:40:58 +0200},
  biburl    = {http://dblp.uni-trier.de/rec/bib/journals/corr/YuZWY16},
  bibsource = {dblp computer science bibliography, http://dblp.org}
}
@article{DBLP:journals/corr/LedigTHCATTWS16,
  author    = {Christian Ledig and
               Lucas Theis and
               Ferenc Huszar and
               Jose Caballero and
               Andrew P. Aitken and
               Alykhan Tejani and
               Johannes Totz and
               Zehan Wang and
               Wenzhe Shi},
  title     = {Photo-Realistic Single Image Super-Resolution Using a Generative Adversarial
               Network},
  journal   = {CoRR},
  volume    = {abs/1609.04802},
  year      = {2016},
  url       = {http://arxiv.org/abs/1609.04802},
  timestamp = {Wed, 07 Jun 2017 14:40:32 +0200},
  biburl    = {http://dblp.uni-trier.de/rec/bib/journals/corr/LedigTHCATTWS16},
  bibsource = {dblp computer science bibliography, http://dblp.org}
}
@article{DBLP:journals/corr/CreswellB16,
  author    = {Antonia Creswell and
               Anil Anthony Bharath},
  title     = {Adversarial Training For Sketch Retrieval},
  journal   = {CoRR},
  volume    = {abs/1607.02748},
  year      = {2016},
  url       = {http://arxiv.org/abs/1607.02748},
  timestamp = {Wed, 07 Jun 2017 14:40:36 +0200},
  biburl    = {http://dblp.uni-trier.de/rec/bib/journals/corr/CreswellB16},
  bibsource = {dblp computer science bibliography, http://dblp.org}
}
@article{DBLP:journals/corr/KwakZ16,
  author    = {Hanock Kwak and
               Byoung{-}Tak Zhang},
  title     = {Generating Images Part by Part with Composite Generative Adversarial
               Networks},
  journal   = {CoRR},
  volume    = {abs/1607.05387},
  year      = {2016},
  url       = {http://arxiv.org/abs/1607.05387},
  timestamp = {Wed, 07 Jun 2017 14:43:09 +0200},
  biburl    = {http://dblp.uni-trier.de/rec/bib/journals/corr/KwakZ16},
  bibsource = {dblp computer science bibliography, http://dblp.org}
}
@article{DBLP:journals/corr/Odena16a,
  author    = {Augustus Odena},
  title     = {Semi-Supervised Learning with Generative Adversarial Networks},
  journal   = {CoRR},
  volume    = {abs/1606.01583},
  year      = {2016},
  url       = {http://arxiv.org/abs/1606.01583},
  timestamp = {Wed, 07 Jun 2017 14:42:26 +0200},
  biburl    = {http://dblp.uni-trier.de/rec/bib/journals/corr/Odena16a},
  bibsource = {dblp computer science bibliography, http://dblp.org}
}
@article{DBLP:journals/corr/BenaimW17,
  author    = {Sagie Benaim and
               Lior Wolf},
  title     = {One-Sided Unsupervised Domain Mapping},
  journal   = {CoRR},
  volume    = {abs/1706.00826},
  year      = {2017},
  url       = {http://arxiv.org/abs/1706.00826},
  timestamp = {Mon, 03 Jul 2017 13:29:02 +0200},
  biburl    = {http://dblp.uni-trier.de/rec/bib/journals/corr/BenaimW17},
  bibsource = {dblp computer science bibliography, http://dblp.org}
}
@article{DBLP:journals/corr/ZhuPIE17,
  author    = {Jun{-}Yan Zhu and
               Taesung Park and
               Phillip Isola and
               Alexei A. Efros},
  title     = {Unpaired Image-to-Image Translation using Cycle-Consistent Adversarial
               Networks},
  journal   = {CoRR},
  volume    = {abs/1703.10593},
  year      = {2017},
  url       = {http://arxiv.org/abs/1703.10593},
  timestamp = {Wed, 07 Jun 2017 14:40:17 +0200},
  biburl    = {http://dblp.uni-trier.de/rec/bib/journals/corr/ZhuPIE17},
  bibsource = {dblp computer science bibliography, http://dblp.org}
}
@article{DBLP:journals/corr/ChenDHSSA16,
  author    = {Xi Chen and
               Yan Duan and
               Rein Houthooft and
               John Schulman and
               Ilya Sutskever and
               Pieter Abbeel},
  title     = {InfoGAN: Interpretable Representation Learning by Information Maximizing
               Generative Adversarial Nets},
  journal   = {CoRR},
  volume    = {abs/1606.03657},
  year      = {2016},
  url       = {http://arxiv.org/abs/1606.03657},
  timestamp = {Wed, 07 Jun 2017 14:43:14 +0200},
  biburl    = {http://dblp.uni-trier.de/rec/bib/journals/corr/ChenDHSSA16},
  bibsource = {dblp computer science bibliography, http://dblp.org}
}
@article{DBLP:journals/corr/SalimansGZCRC16,
  author    = {Tim Salimans and
               Ian J. Goodfellow and
               Wojciech Zaremba and
               Vicki Cheung and
               Alec Radford and
               Xi Chen},
  title     = {Improved Techniques for Training GANs},
  journal   = {CoRR},
  volume    = {abs/1606.03498},
  year      = {2016},
  url       = {http://arxiv.org/abs/1606.03498},
  timestamp = {Wed, 07 Jun 2017 14:40:52 +0200},
  biburl    = {http://dblp.uni-trier.de/rec/bib/journals/corr/SalimansGZCRC16},
  bibsource = {dblp computer science bibliography, http://dblp.org}
}
@article{DBLP:journals/corr/ZhangXLZHWM16,
  author    = {Han Zhang and
               Tao Xu and
               Hongsheng Li and
               Shaoting Zhang and
               Xiaolei Huang and
               Xiaogang Wang and
               Dimitris N. Metaxas},
  title     = {StackGAN: Text to Photo-realistic Image Synthesis with Stacked Generative
               Adversarial Networks},
  journal   = {CoRR},
  volume    = {abs/1612.03242},
  year      = {2016},
  url       = {http://arxiv.org/abs/1612.03242},
  timestamp = {Wed, 07 Jun 2017 14:41:37 +0200},
  biburl    = {http://dblp.uni-trier.de/rec/bib/journals/corr/ZhangXLZHWM16},
  bibsource = {dblp computer science bibliography, http://dblp.org}
}
@article{DBLP:journals/corr/DentonCSF15,
  author    = {Emily L. Denton and
               Soumith Chintala and
               Arthur Szlam and
               Robert Fergus},
  title     = {Deep Generative Image Models using a Laplacian Pyramid of Adversarial
               Networks},
  journal   = {CoRR},
  volume    = {abs/1506.05751},
  year      = {2015},
  url       = {http://arxiv.org/abs/1506.05751},
  timestamp = {Wed, 07 Jun 2017 14:40:21 +0200},
  biburl    = {http://dblp.uni-trier.de/rec/bib/journals/corr/DentonCSF15},
  bibsource = {dblp computer science bibliography, http://dblp.org}
}
@article{DBLP:journals/corr/OdenaOS16,
  author    = {Augustus Odena and
               Christopher Olah and
               Jonathon Shlens},
  title     = {Conditional Image Synthesis With Auxiliary Classifier GANs},
  journal   = {CoRR},
  volume    = {abs/1610.09585},
  year      = {2016},
  url       = {http://arxiv.org/abs/1610.09585},
  timestamp = {Wed, 07 Jun 2017 14:40:47 +0200},
  biburl    = {http://dblp.uni-trier.de/rec/bib/journals/corr/OdenaOS16},
  bibsource = {dblp computer science bibliography, http://dblp.org}
}
@article{DBLP:journals/corr/TaigmanPW16,
  author    = {Yaniv Taigman and
               Adam Polyak and
               Lior Wolf},
  title     = {Unsupervised Cross-Domain Image Generation},
  journal   = {CoRR},
  volume    = {abs/1611.02200},
  year      = {2016},
  url       = {http://arxiv.org/abs/1611.02200},
  timestamp = {Wed, 07 Jun 2017 14:40:40 +0200},
  biburl    = {http://dblp.uni-trier.de/rec/bib/journals/corr/TaigmanPW16},
  bibsource = {dblp computer science bibliography, http://dblp.org}
}
@article{DBLP:journals/corr/IsolaZZE16,
  author    = {Phillip Isola and
               Jun{-}Yan Zhu and
               Tinghui Zhou and
               Alexei A. Efros},
  title     = {Image-to-Image Translation with Conditional Adversarial Networks},
  journal   = {CoRR},
  volume    = {abs/1611.07004},
  year      = {2016},
  url       = {http://arxiv.org/abs/1611.07004},
  timestamp = {Wed, 07 Jun 2017 14:41:37 +0200},
  biburl    = {http://dblp.uni-trier.de/rec/bib/journals/corr/IsolaZZE16},
  bibsource = {dblp computer science bibliography, http://dblp.org}
}
@article{DBLP:journals/corr/RadfordMC15,
  author    = {Alec Radford and
               Luke Metz and
               Soumith Chintala},
  title     = {Unsupervised Representation Learning with Deep Convolutional Generative
               Adversarial Networks},
  journal   = {CoRR},
  volume    = {abs/1511.06434},
  year      = {2015},
  url       = {http://arxiv.org/abs/1511.06434},
  timestamp = {Wed, 07 Jun 2017 14:40:30 +0200},
  biburl    = {http://dblp.uni-trier.de/rec/bib/journals/corr/RadfordMC15},
  bibsource = {dblp computer science bibliography, http://dblp.org}
}
@article{DBLP:journals/corr/AroraZ17,
  author    = {Sanjeev Arora and
               Yi Zhang},
  title     = {Do GANs actually learn the distribution? An empirical study},
  journal   = {CoRR},
  volume    = {abs/1706.08224},
  year      = {2017},
  url       = {http://arxiv.org/abs/1706.08224},
  timestamp = {Mon, 03 Jul 2017 13:29:02 +0200},
  biburl    = {http://dblp.uni-trier.de/rec/bib/journals/corr/AroraZ17},
  bibsource = {dblp computer science bibliography, http://dblp.org}
}
@article{DBLP:journals/corr/GulrajaniAADC17,
  author    = {Ishaan Gulrajani and
               Faruk Ahmed and
               Mart{\'{\i}}n Arjovsky and
               Vincent Dumoulin and
               Aaron C. Courville},
  title     = {Improved Training of Wasserstein GANs},
  journal   = {CoRR},
  volume    = {abs/1704.00028},
  year      = {2017},
  url       = {http://arxiv.org/abs/1704.00028},
  timestamp = {Wed, 07 Jun 2017 14:42:35 +0200},
  biburl    = {http://dblp.uni-trier.de/rec/bib/journals/corr/GulrajaniAADC17},
  bibsource = {dblp computer science bibliography, http://dblp.org}
}
@article{gan_tutorial,
  author    = {Ian J. Goodfellow},
  title     = {{NIPS} 2016 Tutorial: Generative Adversarial Networks},
  journal   = {CoRR},
  volume    = {abs/1701.00160},
  year      = {2017},
  url       = {http://arxiv.org/abs/1701.00160},
  timestamp = {Wed, 07 Jun 2017 14:43:15 +0200},
  biburl    = {http://dblp.uni-trier.de/rec/bib/journals/corr/Goodfellow17},
  bibsource = {dblp computer science bibliography, http://dblp.org}
}
@article{vae,
  author    = {Diederik P. Kingma and
               Max Welling},
  title     = {Auto-Encoding Variational Bayes},
  journal   = {CoRR},
  volume    = {abs/1312.6114},
  year      = {2013},
  url       = {http://arxiv.org/abs/1312.6114},
  timestamp = {Wed, 07 Jun 2017 14:40:08 +0200},
  biburl    = {http://dblp.uni-trier.de/rec/bib/journals/corr/KingmaW13},
  bibsource = {dblp computer science bibliography, http://dblp.org}
}
@article{vae_toturial,
  author    = {Carl Doersch},
  title     = {Tutorial on Variational Autoencoders},
  journal   = {CoRR},
  volume    = {abs/1606.05908},
  year      = {2016},
  url       = {http://arxiv.org/abs/1606.05908},
  timestamp = {Wed, 07 Jun 2017 14:40:23 +0200},
  biburl    = {http://dblp.uni-trier.de/rec/bib/journals/corr/Doersch16},
  bibsource = {dblp computer science bibliography, http://dblp.org}
}
@article{DBLP:journals/corr/Graves13,
  author    = {Alex Graves},
  title     = {Generating Sequences With Recurrent Neural Networks},
  journal   = {CoRR},
  volume    = {abs/1308.0850},
  year      = {2013},
  url       = {http://arxiv.org/abs/1308.0850},
  timestamp = {Wed, 07 Jun 2017 14:40:15 +0200},
  biburl    = {http://dblp.uni-trier.de/rec/bib/journals/corr/Graves13},
  bibsource = {dblp computer science bibliography, http://dblp.org}
}
@article{gan,
  author    = {Ian J. Goodfellow and
               Jean Pouget{-}Abadie and
               Mehdi Mirza and
               Bing Xu and
               David Warde{-}Farley and
               Sherjil Ozair and
               Aaron C. Courville and
               Yoshua Bengio},
  title     = {Generative Adversarial Networks},
  journal   = {CoRR},
  volume    = {abs/1406.2661},
  year      = {2014},
  url       = {http://arxiv.org/abs/1406.2661},
  timestamp = {Wed, 07 Jun 2017 14:40:14 +0200},
  biburl    = {http://dblp.uni-trier.de/rec/bib/journals/corr/GoodfellowPMXWOCB14},
  bibsource = {dblp computer science bibliography, http://dblp.org}
}
@article{DBLP:journals/corr/ArjovskyB17,
  author    = {Mart{\'{\i}}n Arjovsky and
               L{\'{e}}on Bottou},
  title     = {Towards Principled Methods for Training Generative Adversarial Networks},
  journal   = {CoRR},
  volume    = {abs/1701.04862},
  year      = {2017},
  url       = {http://arxiv.org/abs/1701.04862},
  timestamp = {Wed, 07 Jun 2017 14:40:42 +0200},
  biburl    = {http://dblp.uni-trier.de/rec/bib/journals/corr/ArjovskyB17},
  bibsource = {dblp computer science bibliography, http://dblp.org}
}
@article{DBLP:journals/corr/ArjovskyCB17,
  author    = {Mart{\'{\i}}n Arjovsky and
               Soumith Chintala and
               L{\'{e}}on Bottou},
  title     = {Wasserstein {GAN}},
  journal   = {CoRR},
  volume    = {abs/1701.07875},
  year      = {2017},
  url       = {http://arxiv.org/abs/1701.07875},
  timestamp = {Wed, 07 Jun 2017 14:41:42 +0200},
  biburl    = {http://dblp.uni-trier.de/rec/bib/journals/corr/ArjovskyCB17},
  bibsource = {dblp computer science bibliography, http://dblp.org}
}